@STRING{siam="SIAM"}
@STRING{SIAMMAA="{SIAM} Journal on Matrix Analysis and Applications"}
@STRING{ACMTOMS = "{ACM} Transactions on Mathematical Software"}

@techreport{atlas_wn97,
AUTHOR         = {R. Clint Whaley and Jack Dongarra},
TITLE          = "{Automatically Tuned Linear Algebra Software}",
INSTITUTION    = "University of Tennessee",
YEAR           = "1997",
MONTH          = "December",
NUMBER         = "UT-CS-97-366",
NOTE           = {\verb|http://www.netlib.org/lapack/lawns/lawn131.ps|}
}
@inproceedings{atlas_sc98,
AUTHOR    = "R. Clint Whaley and Jack Dongarra",
TITLE     = "Automatically Tuned Linear Algebra Software",
BOOKTITLE = "SuperComputing 1998: High Performance Networking and Computing",
YEAR      = "1998",
NOTE      = "CD-ROM Proceedings. {\bf Winner, best paper in the systems
            category.}\\
            \verb|http://www.cs.utsa.edu/~whaley/papers/atlas_sc98.ps|"
}
@inproceedings{atlas_siam,
AUTHOR         = {R. Clint Whaley and Jack Dongarra},
TITLE          = "{Automatically Tuned Linear Algebra Software}",
BOOKTITLE      = "Ninth SIAM Conference on Parallel Processing for
                 Scientific Computing",
NOTE           = "CD-ROM Proceedings",
YEAR           = 1999 }
%
@ARTICLE{WN147,
AUTHOR         = "R. Clint Whaley and Antoine Petitet and Jack J. Dongarra",
TITLE          = "Automated Empirical Optimization of Software and the
                 {ATLAS} Project",
JOURNAL        = "Parallel Computing",
VOLUME         = "27",
NUMBER         = "1--2",
PAGES          = "3--35",
YEAR           = 2001
}
@ARTICLE{whaley04,
AUTHOR = "R. Clint Whaley and Antoine Petitet",
TITLE  = "Minimizing development and maintenance costs in supporting
          persistently optimized {BLAS}",
JOURNAL= "Software: Practice and Experience",
volume = "35",
number = "2",
pages  = "101-121",
month  = "February",
YEAR   = "2005",
NOTE           = {\verb+http://www.cs.utsa.edu/~whaley/papers/spercw04.ps+}
}
@ARTICLE{blas3,
AUTHOR         = {J. Dongarra and J. Du Croz and I. Duff and S. Hammarling},
TITLE          = "{A Set of Level 3 Basic Linear Algebra Subprograms}",
JOURNAL        = toms,
YEAR           = 1990,
VOLUME         = 16,
NUMBER         = 1,
PAGES          = {1-17} }
@ARTICLE{blas1a,
AUTHOR         = {R. Hanson and F. Krogh and C. Lawson},
TITLE          = "{A Proposal for Standard Linear Algebra Subprograms}",
JOURNAL        = "{ACM SIGNUM} Newsl.",
VOLUME         = 8,
NUMBER         = 16,
YEAR           = 1973 }
%
@ARTICLE{blas1b,
AUTHOR         = {C. Lawson and R. Hanson and D. Kincaid and F. Krogh},
TITLE          = "{Basic Linear Algebra Subprograms for Fortran Usage}",
JOURNAL        = toms,
YEAR           = 1979,
VOLUME         = 5,
NUMBER         = 3,
PAGES          = {308-323} }
@ARTICLE{blas2a,
AUTHOR         = {J. Dongarra and J. Du Croz and S. Hammarling and R. Hanson},
TITLE          = "{Algorithm 656: An extended Set of Basic Linear Algebra
                 Subprograms: Model Implementation and Test Programs}",
                 JOURNAL        = toms,
                 YEAR           = 1988,
                 VOLUME         = 14,
                 NUMBER         = 1,
                 PAGES          = {18-32} }
%
@ARTICLE{blas2b,
AUTHOR         = {J. Dongarra and J. Du Croz and S. Hammarling and R. Hanson},
TITLE          = "{An Extended Set of FORTRAN Basic Linear Algebra
                 Subprograms}",
JOURNAL        = toms,
YEAR           = 1988,
VOLUME         = 14,
NUMBER         = 1,
PAGES          = {1-17} }

@unpublished{lapack-hp,
TITLE = "LAPACK homepage",
AUTHOR = "R. Clint Whaley and Antoine Petitet",
NOTE   = {\verb|http://www.netlib.org/lapack/|}
}
@unpublished{atlas-hp,
TITLE = "ATLAS homepage",
AUTHOR = "R. Clint Whaley and Antoine Petitet",
NOTE   = {\verb|http://math-atlas.sourceforge.net/|}
}
@UNPUBLISHED{atlas-contrib,
TITLE = "User Contribution to ATLAS",
AUTHOR = "R. Clint Whaley",
NOTE  = {\verb|http://math-atlas.sourceforge.net/devel/atlas_contrib/| \\
also available in {\tt ATLAS/doc/atlas\_contrib.pdf} of tarfile}
}
@UNPUBLISHED{atlas-devel,
TITLE = "A Collaborative Guide to ATLAS Development",
AUTHOR = "R. Clint Whaley and Peter Soendergaard",
NOTE  = {\verb|http://math-atlas.sourceforge.net/devel/atlas_devel/|}
}
@BOOK{lug,
AUTHOR         = {E. Anderson and Z. Bai and C. Bischof and J. Demmel and
                 J. Dongarra and J. Du Croz and A. Greenbaum and S. Hammarling
                 and A. McKenney and S. Ostrouchov and D. Sorensen},
TITLE          = "{{LAPACK} Users' Guide}",
EDITION        = {3rd},
PUBLISHER      = siam,
YEAR           = {1999},
ISDN           = {0-898-71345-5},
ADDRESS        = {Philadelphia, PA} }
@ARTICLE{Toledo-LU,
AUTHOR         = "S. Toledo",
TITLE          = "Locality of Reference in LU Decomposition with partial
                  pivoting",
JOURNAL        = SIAMMAA,
YEAR           = 1997,
VOLUME         = 18,
NUMBER         = 4 }
%
@ARTICLE{RecFred,
AUTHOR         = "F. Gustavson",
TITLE          = "Recursion Leads to Automatic Variable Blocking for Dense
                  Linear-Algebra Algorithms",
JOURNAL        = ibmjrd,
YEAR           = 1997,
VOLUME         = 41,
NUMBER         = 6,
PAGES          = {737-755} }
@INPROCEEDINGS{gustavson98a,
AUTHOR         = {F. Gustavson and A. Henriksson and I. Jonsson
                  and B. K{\aa}gstr{\"{o}}m and P. Ling},
TITLE          = {Recursive Blocked Data Formats and BLAS's
                 for Dense Linear Algebra Algorithms.},
EDITOR         = {B. K{\aa}gstr{\"{o}}m and J. Dongarra and E. Elmroth and
                 J. Wa{\'s}niewski},
BOOKTITLE      = {Applied Parallel Computing, PARA'98},
SERIES         = {Lecture Notes in Computer Science, No. 1541},
YEAR           = {1998},
PAGES          = {195--206} }
%
@TECHREPORT{WN146,
AUTHOR         = "Bjarne S. Andersen and Fred G. Gustavson and Jerzy
                 Wasniewski",
TITLE          = "A Recursive Formulation of Cholesky Factorization of
                 a Matrix in Packed Storage",
NUMBER         = "UT CS-00-448, {LAPACK} {W}orking {N}ote No.146",
INSTITUTION    = "University of Tennessee",
YEAR           = "2000" }
@ARTICLE{RecQR,
AUTHOR         = "E. Elmroth and F. Gustavson",
TITLE          = "Applying Recursion to Serial and Parallel QR Factorization
                  Leads to Better Performance",
JOURNAL        = ibmjrd,
YEAR           = 2000,
VOLUME         = 44,
NUMBER         = 4,
PAGES          = {605-624} }
@article{blast-toms,
   author = "L. Susan Blackford and James Demmel and Jack Dongarra and
             Iain Duff and Sven Hammarling and Greg Henry and Michael Heroux
             and Linda Kaufman Andrew Lumsdaine and Antoine Petitet and
             Roldan Pozo and Karin Remington and R. Clint Whaley",
   title = "{An Updated Set of Basic Linear Algebra Subprograms ({BLAS})}",
   journal = ACMTOMS,
   year   = 2002,
   volume = 28,
   number = 2,
   pages  = {135-151}
}
@UNPUBLISHED{Blast,
AUTHOR         = {S. Blackford and G. Corliss and J. Demmel and J. Dongarra
                 and I. Duff and S. Hammarling and G. Henry and M. Heroux
                 and C. Hu and W. Kahan and L. Kaufman and B. Kearfott and
                 F. Krogh and X. Li and Z. Maany and A. Petitet and R. Pozo
                 and K. Remington and W. Walster and C. Whaley and J. Wolff
                 and V. Gudenberg},
TITLE          = "{Document for the Basic Linear Algebra Subprograms
                 (BLAS) Standard: BLAS Technical Forum}",
NOTE           = {\verb|http://www.netlib.org/cgi-bin/checkout/blast/blast.pl|},
YEAR           = 1999 }

